@book{wilmott_howison_dewynne_1995,
  place     = {Cambridge},
  title     = {The Mathematics of Financial Derivatives: A Student Introduction},
  doi       = {10.1017/CBO9780511812545},
  publisher = {Cambridge University Press},
  author    = {Wilmott, Paul and Howison, Sam and Dewynne, Jeff},
  year      = {1995}
}

@book{seydel_2009,
  title     = {Tools for Computational Finance},
  doi       = {10.1007/978-3-540-92929-1},
  publisher = {Springer Berlin, Heidelberg},
  author    = {Rüdiger U. Seydel},
  year      = {2009}
}

@article{nielsen_2001,
  author  = {Nielsen, Bjrn and Skavhaug, Ola and Tveito, Aslak},
  year    = {2001},
  month   = {09},
  pages   = {},
  title   = {Penalty and front-fixing methods for the numerical solution of American option problems},
  volume  = {5},
  journal = {Journal of Computational Finance},
  doi     = {10.21314/JCF.2002.084}
}

@article{egorova_jodar_2014,
  title  = {Solving American Option Pricing Models by the Front Fixing Method: Numerical Analysis and Computing},
  volume = {2014},
  url    = {https://www.hindawi.com/journals/aaa/2014/146745/},
  doi    = {https://doi.org/10.1155/2014/146745},
  author = {Egorova, Vera N and Jódar, Lucas},
  year   = {2014},
  month  = {Jan},
  pages  = {1-9}
}

@article{hilber_reichmann_schwab_winter_2013,
  title     = {Computational Methods for Quantitative Finance},
  isbn      = {978-3-642-35401-4},
  url       = {https://link.springer.com/book/10.1007/978-3-642-35401-4},
  doi       = {https://doi.org/10.1007-978-3-642-35401-4},
  journal   = {SpringerLink},
  publisher = {Springer Berlin Heidelberg},
  author    = {Hilber, Norbert and Reichmann, Oleg and Schwab, Christoph and Winter, Christoph},
  year      = {2013}
}

‌@article{landau_1950_heat_ci,
  title={Heat conduction in a melting solid},
  author={H. G. Landau},
  journal={Quarterly of Applied Mathematics},
  year={1950},
  volume={8},
  pages={81-94},
  url={https://api.semanticscholar.org/CorpusID:126349227}
}

@article{company_egorova_jodar_2014,
author = {Company, Rafael and Egorova, Vera and Jódar, Lucas},
year = {2014},
month = {04},
pages = {},
title = {Solving American Option Pricing Models by the Front Fixing Method: Numerical Analysis and Computing},
volume = {2014},
journal = {Abstract and Applied Analysis},
doi = {10.1155/2014/146745}
}